@misc{gittutorial,
    author    = "Code School",
    title     = "Try Git: Git Tutorial",
    howpublished = "\url{https://try.github.io/levels/1/challenges/1}"
}

@misc{latextutorial,
    author    = "Claudio Vellage",
    title     = "LaTeX Tutorial",
    howpublished = "\url{https://www.latex-tutorial.com/tutorials/}"
}

@misc{mdtutorial,
    author    = "GitHub",
    title     = "Mastering Markdown",
    howpublished = "\url{https://guides.github.com/features/mastering-markdown/}"
}

@inproceedings{feliciano:icse2016,
    author = {Feliciano, Joseph and Storey, Margaret-Anne and Zagalsky, Alexey},
    title = {Student Experiences Using GitHub in Software Engineering Courses: A
             Case Study},
    booktitle = {Proceedings of the 38th International Conference on Software
                 Engineering Companion},
    year = {2016},
    pages = {422--431}
}

@misc{tensorflow,
    title     = "{TensorFlow}",
    howpublished = "\url{https://www.tensorflow.org/}"
}

@misc{recaptcha,
    title     = "{reCAPTCHA}",
    howpublished = "\url{https://www.google.com/recaptcha/intro/invisible.html}"
}

@misc{tftutorial,
    title     = "{MNIST for ML Beginners}",
    howpublished = "\url{https://www.tensorflow.org/get_started/mnist/beginners}"
}
